    @BOOK{Pravidla,
      author =       "Zdeněk Hlavsa and others",
      title =        "Pravidla českého pravopisu",
      publisher =    "Academia",
      edition =      "2",
      year =         "2009",
      isbn =         "80-200-1327-X",
    }
    
    @BOOK{Knuth,
      author =       "Donald E. Knuth",
      title =        "The {\TeX}book",
      publisher =    "Addison-Wesley Publishing Company",
      year =         "1996",
      isbn =         "0-201-13447-0",
    }
    
    @BOOK{Rybicka,
      author =       "Jiří Rybička",
      title =        "\LaTeX~pro začátečníky",
      publisher =    "Konvoj",
      edition =      "3",
      year =         "2003",
      isbn =         "80-7302-049-1",
    }

    @BOOK{Olsak,
      author =       "Petr Olšák",
      title =        "{\TeX}book naruby",
      publisher =    "Konvoj",
      year =         "2001",
      isbn =         "80-7302-0007-6",
    }

    @BOOK{Eikh,
      author =       "Victor Eikhout",
      title =        "{\TeX}by Topics, a {\TeX}nitian's Reference",
      publisher =    "Addison-Wesley UK",
      year =         "2001",
      isbn =         "0-201-56882-9",
    }

    @website{cstugWeb,
      author =       "Petr Sojka and others",
      title =        "Československé sdružení uživatelů {\TeX}u",
      howpublished = "online",
      url =          "http://www.cstug.cz",
      cited =        "2019-10-02"
    }

    @webpage{fitWeb,
      author =       "Zdena Rábová and Petr Hanáček and Petr Peringer and Petr Přikryl and Bohuslav Křena",
      title =        "Užitečné rady pro psaní práce",
      howpublished = "online",
      publisher =    "FIT VUT v~Brně",
      year =         "2008",
      month =        11,
      url =          "https://www.fit.vut.cz/study/theses/theses-advice/",
      cited =        "2019-10-02"
    }

    @webpage{citace,
      author =       "Zdena Rábová and Petr Hanáček and Petr Peringer and Petr Přikryl and Bohuslav Křena",
      title =        "Pravidla pro bibliografické citace",
      howpublished = "online",
      publisher =    "FIT VUT v Brně",
      year =         "2019",
      month =        3,
      url =          "https://www.fit.vut.cz/study/theses/citations/",
      cited =        "2019-10-02"
    }
   
    @MISC{biblio,
      author =       "Olga Biernátová and Jan Skůpa",
      title =        "Bibliografické odkazy a citace dokumentů",
      howpublished = "online",
      url =          "http://www.citace.com/download/CSN-ISO-690.pdf",
      publisher =    "Citace.com",
      month =        9,
      address =      "Brno",
      year =         "2011",
      cited =        "2019-10-02"
    }
   
    @webpage{formalniBP,
      author =       "Zdena Rábová and Petr Přikryl and Petr Peringer and Petr Lampa and Bohuslav Křena and jaroslav Dytrych and Petr Veigend",
      title =        "Pokyny k~bakalářským pracím a SZZ",
      howpublished = "online",
      year =         "2019",
      url =          "https://www.fit.vut.cz/study/theses/bachelor-theses/",
      cited =        "2019-10-02"
    }
   
    @webpage{formalniDP,
      author =       "Zdena Rábová and Petr Přikryl and Petr Peringer and Petr Lampa and Bohuslav Křena and jaroslav Dytrych and Petr Veigend",
      title =        "Pokyny k~diplomovým pracím a SZZ",
      howpublished = "online",
      year =         "2019",
      url =          "https://www.fit.vut.cz/study/theses/master-theses/",
      cited =        "2019-10-02"
    }
   
    @MISC{smernice,
      key =          "Szz",
      author =       "Petr Štěpánek",
      title =        "Směrnice rektora č. 72/2017 -- Úprava, odevzdávání a zveřejňování závěrečných prací",
      howpublished = "online",
      year =         "2017",
      url =          "https://www.vutbr.cz/uredni-deska/vnitrni-predpisy-a-dokumenty/smernice-c-72-2017-uprava-odevzdavani-a-zverejnovani-zaverecnych-praci-d161410",
      cited =        "2019-10-02"
    }
   
   @MISC{smerniceFIT,
      author =       "Pavel Zemčík",
      title =        "Směrnice děkana č. 7/2018 -- Úprava, odevzdávání a zveřejňování závěrečných prací na FIT VUT v Brně",
      howpublished = "online",
      year =         "2018",
      url =          "https://www.fit.vut.cz/fit/info/smernice/sm2018-07.pdf",
      cited =        "2019-10-02"
    }
   
    @website{prirucka,
      key =          "Cerna",
      author =       "Anna Černá and Jan Chromý and Hana Konečná and others",
      title =        "Internetová jazyková příručka -- Ústav pro jazyk český Akademie věd ČR, v. v. i.",
      howpublished = "online",
      publisher =    "Centrum zpracování přirozeného jazyka FI MU",
      year =         "2019",
      url =          "http://prirucka.ujc.cas.cz/",
      cited =        "2019-10-02"
    }
   
    @website{Herout,
      author =       "Adam Herout",
      title =        {herout.net -- Poznámky učitele, kouče, čtenáře.},
      howpublished = "online",
      year =         "2018",
      url =          "http://www.herout.net/",
      cited =        "2019-10-02"
    }
   
    @webpage{chyby,
      key =          "Szoke",
      author =       "Igor Szöke",
      title =        "Textová část BP/DP -- Lessons learned",
      howpublished = "online",
      year =         "2012",
      url =          "http://blog.igor.szoke.cz/2012/01/textova-cast-bpdp-lessons-learned-1.html",
      cited =        "2019-10-02"
    }
   
    @webpage{rady,
      key =          "Szoke",
      author =       "Igor Szöke",
      title =        "Píšete diplomku? 15+1 rad, které vám pomohou.",
      howpublished = "online",
      year =         "2011",
      url =          "http://blog.igor.szoke.cz/2011/12/pisete-diplomku-151-rad-ktere-vam.html",
      cited =        "2019-10-02"
    }
   
    @webpage{Beran,
      author =       "Vítězslav Beran",
      title =        "Beran-BP DP Projekty",
      howpublished = "online",
      year =         "2017",
      url =          "http://merlin.fit.vutbr.cz/wiki/index.php/Beran-BP_DP_Projekty",
      cited =        "2019-10-02"
    }

    @MISC{BeranPDF,
      author =       "Vítězslav Beran",
      title =        "Jak psát technickou zprávu",
      howpublished = "online",
      year =         "2013",
      url =          "http://www.fit.vutbr.cz/~beranv/podpora/Jak\%20psat\%20technickou\%20zpravu.pdf",
      cited =        "2019-10-00"
    }
   
    @webpage{Cernocky,
      key =          "Cernocky",
      author =       "Jan Černocký",
      title =        "Černocký BP DP -- obecně",
      howpublished = "online",
      year =         "2016",
      url =          "https://merlin.fit.vutbr.cz/wiki/index.php/Cernocky_BP_DP-obecne",
      publisher = "Wiki FIT VUT v Brně",
      cited =        "2019-10-02"
    }
   
    @webpage{CernockyEnglish,
      key =          "Cernocky",
      author =       "Jan Černocký",
      title =        "English SOS",
      howpublished = "online",
      year =         "2016",
      url =          "https://merlin.fit.vutbr.cz/wiki/index.php/English_SOS",
      cited =        "2019-10-02"
    }
   
    @MISC{Zemcik,
      author =       "Pavel Zemčík",
      title =        "Všeobecné pokyny pro studenty a vůbec",
      howpublished = "online",
      year =         "2012",
      url =          "http://www.fit.vutbr.cz/~zemcik/Pokyny.pdf",
      cited =        "2019-10-02"
    }
   
    @BOOK{Lebrun2011,
      author =       "Jean-Luc Lebrun",
      title =        "Scientific Writing 2.0: a reader and writer's guide",
      publisher =    "World Scientific Publishing",
      year =         "2011",
      edition =      "1",
      isbn =         "9814350605",
      owner =        "herout",
      timestamp =    "2015.01.20"
    }
  
    @MASTERSTHESIS{Pysny,
      author = {Radek Py{\v{s}}n{\'{y}}},
      type = {Bakal{\'{a}}{\v{r}}sk{\'{a}} pr{\'{a}}ce},
      title = {BiBTeX styl pro {\v{C}}SN ISO 690 a {\v{C}}SN ISO	690-2},
      school = {Vysok{\'{e}} u{\v{c}}en{\'{i}} technick{\'{e}} v Brn{\v{e}}, Fakulta informa{\v{c}}n{\'{i}}ch technologi{\'{i}}},
      year = {2009},
      location = {Brno, CZ},
      language = {czech},
      url = {https://www.fit.vut.cz/study/thesis/7848/}
    }

 @misc{attention,
       title={Attention Is All You Need}, 
       author={Ashish Vaswani and Noam Shazeer and Niki Parmar and Jakob Uszkoreit and Llion Jones and Aidan N. Gomez and Lukasz Kaiser and Illia Polosukhin},
      year={2023},
       eprint={1706.03762},
       archivePrefix={arXiv},
       primaryClass={cs.CL}
    }

    @misc{inproceedings,
    author = {Yang, Yang and Vlajic, Natalija and Nguyen, Uyen},
    year = {2015},
    month = {11},
    pages = {356-361},
    title = {Next Generation of Impersonator Bots: Mimicking Human Browsing on Previously Unvisited Sites},
    doi = {10.1109/CSCloud.2015.93}
    }
    
    @misc{markovmodel,
    author = {Awad, M. and Khalil, Issa},
    year = {2012},
    month = {03},
    pages = {1131-1142},
    title = {Prediction of User's Web-Browsing Behavior: Application of Markov Model},
    volume = {42},
    journal = {IEEE transactions on systems, man, and cybernetics. Part B, Cybernetics : a publication of the IEEE Systems, Man, and Cybernetics Society},
    doi = {10.1109/TSMCB.2012.2187441}
    }

    @misc{evasivebots,
    author       = {Jing Jin and
                  Jeff Offutt and
                  Nan Zheng and
                  Feng Mao and
                  Aaron Koehl and
                  Haining Wang},
    title        = {Evasive bots masquerading as human beings on the web},
    booktitle    = {2013 43rd Annual {IEEE/IFIP} International Conference on Dependable
                  Systems and Networks (DSN), Budapest, Hungary, June 24-27, 2013},
    pages        = {1--12},
    publisher    = {{IEEE} Computer Society},
    year         = {2013},
    url          = {https://doi.org/10.1109/DSN.2013.6575366},
    doi          = {10.1109/DSN.2013.6575366},
    timestamp    = {Fri, 24 Mar 2023 00:01:46 +0100},
    biburl       = {https://dblp.org/rec/conf/dsn/JinOZMKW13.bib},
    bibsource    = {dblp computer science bibliography, https://dblp.org}
    }


    @misc{indexingweb,
      author={Szymanski, B.K. and Ming-Shu Chung},
      booktitle={2001 International Conferences on Info-Tech and Info-Net. Proceedings (Cat. No.01EX479)}, 
      title={A method for indexing Web pages using Web bots}, 
      year={2001},
      volume={3},
      number={},
      pages={1-6 vol.3},
      keywords={Web pages;Search engines;Frequency;Information analysis;Machine assisted indexing;Information filtering;Information filters;Humans;World Wide Web;Computer science},
      doi={10.1109/ICII.2001.983028}}

    @misc{aher2023using,
          title={Using Large Language Models to Simulate Multiple Humans and Replicate Human Subject Studies}, 
          author={Gati Aher and Rosa I. Arriaga and Adam Tauman Kalai},
          year={2023},
          eprint={2208.10264},
          archivePrefix={arXiv},
          primaryClass={cs.CL}
    }

    @misc{adams2017aipowered,
          title={AI-Powered Social Bots}, 
          author={Terrence Adams},
          year={2017},
          eprint={1706.05143},
          archivePrefix={arXiv},
          primaryClass={cs.SI}
    }

    @misc{zhou2008understanding,
          title={Towards the understanding of human dynamics}, 
          author={Tao Zhou and Xiaopu Han and Binghong Wang},
          year={2008},
          eprint={0801.1389},
          archivePrefix={arXiv},
          primaryClass={physics.soc-ph}
    }

    
    @misc{qian2023communicative,
          title={Communicative Agents for Software Development}, 
          author={Chen Qian and Xin Cong and Wei Liu and Cheng Yang and Weize Chen and Yusheng Su and Yufan Dang and Jiahao Li and Juyuan Xu and Dahai Li and Zhiyuan Liu and Maosong Sun},
          year={2023},
          eprint={2307.07924},
          archivePrefix={arXiv},
          primaryClass={cs.SE}
    }

    @misc{liu2019roberta,
          title={RoBERTa: A Robustly Optimized BERT Pretraining Approach}, 
          author={Yinhan Liu and Myle Ott and Naman Goyal and Jingfei Du and Mandar Joshi and Danqi Chen and Omer Levy and Mike Lewis and Luke Zettlemoyer and Veselin Stoyanov},
          year={2019},
          eprint={1907.11692},
          archivePrefix={arXiv},
          primaryClass={cs.CL}
    }

    @misc{touvron2023llama,
          title={LLaMA: Open and Efficient Foundation Language Models}, 
          author={Hugo Touvron and Thibaut Lavril and Gautier Izacard and Xavier Martinet and Marie-Anne Lachaux and Timothée Lacroix and Baptiste Rozière and Naman Goyal and Eric Hambro and Faisal Azhar and Aurelien Rodriguez and Armand Joulin and Edouard Grave and Guillaume Lample},
          year={2023},
          eprint={2302.13971},
          archivePrefix={arXiv},
          primaryClass={cs.CL}
    }

    @misc{llamablog,
    title={Introducing LLaMA},
    key={Introducing LLaMA},
    author={Meta},
    url={https://ai.meta.com/blog/large-language-model-llama-meta-ai/},
    journal={Meta.com}, 
    year={2023}
    }

    ‌@misc{form_2019,
    title={Request Form}, 
    url={https://docs.google.com/forms/d/e/1FAIpQLSfqNECQnMkycAp2jP4Z9TFX0cGR4uf7b_fBxjY_OjhJILlKGA/viewform},journal={Google Docs},
    author={Request Form},
    year={2019}
    }

    @misc{andrew_2023, 
    title={A brief history of LLaMA models - AGI Sphere},
    url={https://agi-sphere.com/llama-models/},
    journal={AGI Sphere},
    author={Andrew},
    year={2023}, 
    month={Apr}
    }
    
    ‌@misc{llama_2014,
    url={https://huggingface.co/docs/transformers/main/en/model_doc/llama},
    title={LLaMA},
    key={LLaMA},
    journal={Huggingface.co},
    year={2014}
    }

    ‌@misc{yenduri2023generative,
          title={Generative Pre-trained Transformer: A Comprehensive Review on Enabling Technologies, Potential Applications, Emerging Challenges, and Future Directions}, 
          author={Gokul Yenduri and Ramalingam M and Chemmalar Selvi G and Supriya Y and Gautam Srivastava and Praveen Kumar Reddy Maddikunta and Deepti Raj G and Rutvij H Jhaveri and Prabadevi B and Weizheng Wang and Athanasios V. Vasilakos and Thippa Reddy Gadekallu},
          year={2023},
          eprint={2305.10435},
          archivePrefix={arXiv},
          primaryClass={cs.CL}
    }

    @misc{devlin2019bert,
          title={BERT: Pre-training of Deep Bidirectional Transformers for Language Understanding}, 
          author={Jacob Devlin and Ming-Wei Chang and Kenton Lee and Kristina Toutanova},
          year={2019},
          eprint={1810.04805},
          archivePrefix={arXiv},
          primaryClass={cs.CL}
    }

    @misc{Radford2019LanguageMA,
      title={Language Models are Unsupervised Multitask Learners},
      author={Alec Radford and Jeff Wu and Rewon Child and David Luan and Dario Amodei and Ilya Sutskever},
      year={2019},
      url={https://api.semanticscholar.org/CorpusID:160025533}
    }

    @misc{gpt3,
          title={Language Models are Few-Shot Learners}, 
          author={Tom B. Brown and Benjamin Mann and Nick Ryder and Melanie Subbiah and Jared Kaplan and Prafulla Dhariwal and Arvind Neelakantan and Pranav Shyam and Girish Sastry and Amanda Askell and Sandhini Agarwal and Ariel Herbert-Voss and Gretchen Krueger and Tom Henighan and Rewon Child and Aditya Ramesh and Daniel M. Ziegler and Jeffrey Wu and Clemens Winter and Christopher Hesse and Mark Chen and Eric Sigler and Mateusz Litwin and Scott Gray and Benjamin Chess and Jack Clark and Christopher Berner and Sam McCandlish and Alec Radford and Ilya Sutskever and Dario Amodei},
          year={2020},
          eprint={2005.14165},
          archivePrefix={arXiv},
          primaryClass={cs.CL}
    }

    @misc{illustrating,
    title={reinforcement learning from human feedback},
    author={Nathan Lambert},
    key={reinforcement learning from human feedback},
    url={https://huggingface.co/blog/rlhf},
    journal={Huggingface.co}, 
    year={2022}
    }
    
    ‌@misc{ye2023comprehensive,
      title={A Comprehensive Capability Analysis of GPT-3 and GPT-3.5 Series Models}, 
      author={Junjie Ye and Xuanting Chen and Nuo Xu and Can Zu and Zekai Shao and Shichun Liu and Yuhan Cui and Zeyang Zhou and Chao Gong and Yang Shen and Jie Zhou and Siming Chen and Tao Gui and Qi Zhang and Xuanjing Huang},
      year={2023},
      eprint={2303.10420},
      archivePrefix={arXiv},
      primaryClass={cs.CL}
    }

@misc{naveed2023comprehensive,
      title={A Comprehensive Overview of Large Language Models}, 
      author={Humza Naveed and Asad Ullah Khan and Shi Qiu and Muhammad Saqib and Saeed Anwar and Muhammad Usman and Naveed Akhtar and Nick Barnes and Ajmal Mian},
      year={2023},
      eprint={2307.06435},
      archivePrefix={arXiv},
      primaryClass={cs.CL}
}

@misc{xiao2023efficient,
      title={Efficient Streaming Language Models with Attention Sinks}, 
      author={Guangxuan Xiao and Yuandong Tian and Beidi Chen and Song Han and Mike Lewis},
      year={2023},
      eprint={2309.17453},
      archivePrefix={arXiv},
      primaryClass={cs.CL}
}

@misc{rag,
    title = {retrieval augmented generation},
    author={promptingguide.ai},
    url={https://www.promptingguide.ai/techniques/rag},
    journal={Promptingguide.ai},
    year={2021}
    }

‌@misc{jailbreaking,
    title={large language models: techniques, examples, prevention methods | lakera – protecting ai teams that disrupt the world}, url={https://www.lakera.ai/blog/jailbreaking-large-language-models-guide},
    author={Blessin Varkey},
    journal={Lakera.ai},
    year={2023}
}

‌@misc{keary_2023,
    title={Prompt Injection Attack},
    url={https://www.techopedia.com/definition/prompt-injection-attack},
    journal={Techopedia},
    author={Keary, Tim},
    year={2023},
    month={Sep}
}

‌@misc{langchain_2023,
    url={https://www.langchain.com/},
    author={langchain},
    title={https://www.langchain.com/},
    journal={Langchain.com},
    year={2023}
    }

‌@misc{webdriver_2018, title={WebDriver}, key={WebDriver}, url={https://www.w3.org/TR/webdriver1/}, journal={W3.org}, year={2018}, month={Jun} }

‌@misc{semantickernel, title={semantic-kernel}, key={semantic-kernel
}, url={https://github.com/microsoft/semantic-kernel}, journal={GitHub}, year={2024}, month={Jan} }

‌@misc{dom,key={Level 1 Document Object Model Specification},title={Level 1 Document Object Model Specification}, url={https://www.w3.org/TR/WD-DOM/}, journal={W3.org}, year={2024} }

@misc{selenium_2023, title={Selenium}, url={https://www.selenium.dev/}, journal={Selenium}, author={Selenium}, year={2023} }

‌@misc{geckodriver, title={geckodriver}, key={geckodriver}, url={https://github.com/mozilla/geckodriver/}, journal={GitHub}, year={2024}, month={Jan} }

@misc{chromedriver, title={ChromeDriver - WebDriver for Chrome}, url={https://chromedriver.chromium.org/}, journal={Chromium.org}, author={for, WebDriver}, year={2024} }

@misc{puppeteer24, url={https://pptr.dev/}, journal={Pptr.dev}, year={2024} }

‌@misc{devtools, title={Chrome DevTools Protocol}, key={Chrome DevTools Protocol}, url={https://chromedevtools.github.io/devtools-protocol/}, journal={Github.io}, year={2024} }

@misc{yao2023react,
      title={ReAct: Synergizing Reasoning and Acting in Language Models}, 
      author={Shunyu Yao and Jeffrey Zhao and Dian Yu and Nan Du and Izhak Shafran and Karthik Narasimhan and Yuan Cao},
      year={2023},
      eprint={2210.03629},
      archivePrefix={arXiv},
      primaryClass={cs.CL}
}‌‌

‌@misc{amatriain2023transformer,
      title={Transformer models: an introduction and catalog}, 
      author={Xavier Amatriain and Ananth Sankar and Jie Bing and Praveen Kumar Bodigutla and Timothy J. Hazen and Michaeel Kazi},
      year={2023},
      eprint={2302.07730},
      archivePrefix={arXiv},
      primaryClass={cs.CL}
}
‌
@misc{jiang2023mistral,
      title={Mistral 7B}, 
      author={Albert Q. Jiang and Alexandre Sablayrolles and Arthur Mensch and Chris Bamford and Devendra Singh Chaplot and Diego de las Casas and Florian Bressand and Gianna Lengyel and Guillaume Lample and Lucile Saulnier and Lélio Renard Lavaud and Marie-Anne Lachaux and Pierre Stock and Teven Le Scao and Thibaut Lavril and Thomas Wang and Timothée Lacroix and William El Sayed},
      year={2023},
      eprint={2310.06825},
      archivePrefix={arXiv},
      primaryClass={cs.CL}
}